%% This BibTeX bibliography file was created using BibDesk.
%% http://bibdesk.sourceforge.net/

%% Created for Eric Calasans at 2017-11-27 23:47:25 -0300 


%% Saved with string encoding Unicode (UTF-8) 



@electronic{rcite2,
	Date-Added = {2017-11-28 02:45:28 +0000},
	Date-Modified = {2017-11-28 02:47:25 +0000},
	Note = {Dispon{\'\i}vel em \url{http://www.ibpad.com.br/blog/o-que-e-programacao-ou-linguagem-em-r/}.  Acesso em 24-nov-2017.},
	Title = {O que {\'e} Programa{\c c}{\~a}o ou Linguagem em R?},
	Urldate = {29/09/2017}}

@electronic{rwiki,
	Author = {Wikipedia},
	Date-Added = {2017-11-28 02:41:53 +0000},
	Date-Modified = {2017-11-28 02:43:46 +0000},
	Note = {Dispon{\'\i}vel em \url{https://pt.wikipedia.org/wiki/R{\_}(linguagem{\_}de{\_}programa{\%}C3{\%}A7{\%}C3{\%}A3o)}.  Acesso em 24-nov-2017.},
	Title = {Linguagem R}}

@electronic{dados,
	Author = {Instituto de Seguran{\c c}a P{\'u}blica do Rio de Janeiro},
	Date-Added = {2017-11-28 02:24:46 +0000},
	Date-Modified = {2017-11-28 02:26:01 +0000},
	Note = {Dispon{\'\i}vel em http://www.ispdados.rj.gov.br.  Acesso em 23-nov-2017},
	Title = {ISP Dados Abertos}}

@electronic{aisp,
	Date-Added = {2017-11-28 02:21:29 +0000},
	Date-Modified = {2017-11-28 02:23:16 +0000},
	Note = {Dispon{\'\i}vel em http://www.rj.gov.br/web/seseg/exibeConteudo?article-id=1349694.  Acesso em 23-nov-2017},
	Title = {Seguran{\c c}a:  RISPS, AISPS e CISPS},
	Urldate = {03/07/2014}}

@electronic{intro2,
	Date-Added = {2017-11-28 02:15:37 +0000},
	Date-Modified = {2017-11-28 02:33:27 +0000},
	Note = {Dispon{\'\i}vel em http://www.din.uem.br/\~intersul/intersul_arquivos/documentos/mineracao.pdf.  Acesso em 22-nov-2017},
	Title = {Minera{\c c}{\~a}o de Dados}}

@electronic{intro1,
	Date-Added = {2017-11-28 02:10:29 +0000},
	Date-Modified = {2017-11-28 02:35:53 +0000},
	Note = {Dispon{\'\i}vel em \url{https://www.sas.com/pt_br/insights/analytics/mineracao-de-dados.html}.  Acesso em 23-nov-2017},
	Title = {Minera{\c c}{\~a}o de Dados:  o que {\'e} e por que {\'e} importante?}}
